@article{1_younus2019video,
  title={Video steganography using knight tour algorithm and LSB method for encrypted data},
  author={Younus, Zeyad Safaa and Younus, Ghada Thanoon},
  journal={Journal of Intelligent Systems},
  volume={29},
  number={1},
  pages={1216--1225},
  year={2019},
  publisher={De Gruyter}
}
@article{2_ramalingam2011stego,
  title={Stego machine--video steganography using modified LSB algorithm},
  author={Ramalingam, Mritha},
  journal={International Journal of Information and Communication Engineering},
  volume={5},
  number={2},
  pages={170--173},
  year={2011}
}
@inproceedings{3_hu2011novel,
  title={A novel video steganography based on non-uniform rectangular partition},
  author={Hu, Sheng Dun and others},
  booktitle={2011 14th IEEE International Conference on Computational Science and Engineering},
  pages={57--61},
  year={2011},
  organization={IEEE}
}

@article{4_dasgupta2012hash,
  title={Hash based least significant bit technique for video steganography (HLSB)},
  author={Dasgupta, Kousik and Mandal, JK and Dutta, Paramartha},
  journal={International Journal of Security, Privacy and Trust Management (IJSPTM)},
  volume={1},
  number={2},
  pages={1--11},
  year={2012}
}

@article{5_kaur2014improved,
  title={Improved security mechanism of text in video using steganographic technique},
  author={Kaur, Manpreet and Kaur, Amandeep},
  journal={Int J Adv Res Comput Sci Softw Eng},
  volume={2},
  number={10},
  year={2014}
}

@inproceedings{6_jha2017video,
  title={Video Steganography technique using Factorization and Spiral LSB methods},
  author={Jha, Vivek Kumar and Mukherjee, Srilekha and Roy, Subhajit and Sanyal, Goutam},
  booktitle={2017 International Conference on Computer, Communications and Electronics (Comptelix)},
  pages={315--320},
  year={2017},
  organization={IEEE}
}

@article{7_mstafa2020new,
  title={A new video steganography scheme based on Shi-Tomasi corner detector},
  author={Mstafa, Ramadhan J and Younis, Younis Mohammed and Hussein, Haval Ismael and Atto, Muhsin},
  journal={IEEE Access},
  volume={8},
  pages={161825--161837},
  year={2020},
  publisher={IEEE}
}

@article{8_dasgupta2013optimized,
  title={Optimized video steganography using genetic algorithm (GA)},
  author={Dasgupta, Kousik and Mondal, Jyotsna Kumar and Dutta, Paramartha},
  journal={Procedia Technology},
  volume={10},
  pages={131--137},
  year={2013},
  publisher={Elsevier}
}

@inproceedings{9_bhattacharyya2010directed,
  title={Directed graph pattern synthesis in LSB technique on video steganography},
  author={Bhattacharyya, Debnath and Bhaumik, Arup Kumar and Choi, Minkyu and Kim, Tai-hoon},
  booktitle={International Conference on Advanced Computer Science and Information Technology},
  pages={61--69},
  year={2010},
  organization={Springer}
}

@article{11_ahmed2014information,
  title={Information hiding in video files using frequency domain},
  author={Ahmed, Eman AE and Soliman, Hassan H and Mostafa, Hossam E},
  journal={Int J Sci Res},
  volume={3},
  number={6},
  pages={2431--2437},
  year={2014}
}

@article{12_kolakalur2016wavelet,
  title={Wavelet based color video steganography},
  author={Kolakalur, Anush and Kagalidis, Ioannis and Vuksanovic, Branislav},
  journal={International Journal of Engineering and Technology},
  volume={8},
  number={3},
  pages={165},
  year={2016},
  publisher={IACSIT Press}
}

@inproceedings{13_sushmitha2017approach,
  title={An approach towards novel video steganography for consumer electronics},
  author={Sushmitha, MC and Suresh, HN and Manikandan, J},
  booktitle={2017 IEEE international conference on consumer electronics-Asia (ICCE-Asia)},
  pages={72--76},
  year={2017},
  organization={IEEE}
}

@inproceedings{14_lu2010effective,
  title={An effective video steganography method for biometric identification},
  author={Lu, Yingqi and Lu, Cheng and Qi, Miao},
  booktitle={International Conference on Advanced Computer Science and Information Technology},
  pages={469--479},
  year={2010},
  organization={Springer}
}

@inproceedings{15_swanson1997data,
  title={Data hiding for video-in-video},
  author={Swanson, Mitchell D and Zhu, Bin and Tewfik, Ahmed H},
  booktitle={Proceedings of International Conference on Image Processing},
  volume={2},
  pages={676--679},
  year={1997},
  organization={IEEE}
}

@article{16_rabie2019pixogram,
  title={The pixogram: Addressing high payload demands for video steganography},
  author={Rabie, Tamer and Baziyad, Mohammed},
  journal={IEEE Access},
  volume={7},
  pages={21948--21962},
  year={2019},
  publisher={IEEE}
}

@article{17_mstafa2017robust,
  title={A robust and secure video steganography method in DWT-DCT domains based on multiple object tracking and ECC},
  author={Mstafa, Ramadhan J and Elleithy, Khaled M and Abdelfattah, Eman},
  journal={IEEE access},
  volume={5},
  pages={5354--5365},
  year={2017},
  publisher={IEEE}
}

@article{algo1_kaur2011steganographic,
  title={Steganographic approach for hiding image in DCT domain},
  author={Kaur, Blossom and Kaur, Amandeep and Singh, Jasdeep},
  journal={International Journal of Advances in Engineering \& Technology},
  volume={1},
  number={3},
  pages={72},
  year={2011},
  publisher={Citeseer}
}

@article{algo2_kothari2011performance,
  title={Performance Analysis of Digital Video Watermarking using Discrete Cosine Transform},
  author={Kothari, Ashish M and Dwivedi, Ved V},
  journal={International Journal of electrical and Computer engineering systems},
  volume={2},
  number={1},
  pages={11--15},
  year={2011},
  publisher={Elektrotehni{\v{c}}ki fakultet Sveu{\v{c}}ili{\v{s}}ta JJ Strossmayera u Osijeku}
}

@article{algo3_al2012robust,
  title={Robust watermarking technique based on DCT to protect the ownership of DubaiSat-1 images against attacks},
  author={Al-Mansoori, Saeed and Kunhu, Alavi},
  journal={International Journal of Computer Science and Network Security (IJCSNS)},
  volume={12},
  number={6},
  pages={1},
  year={2012},
  publisher={International Journal of Computer Science and Network Security}
}

@article{algo4_chetan2010dwt,
  title={DWT based blind digital video watermarking scheme for video authentication},
  author={Chetan, KR and Raghavendra, K},
  journal={International journal of computer applications},
  volume={4},
  number={10},
  pages={19--26},
  year={2010},
  publisher={Citeseer}
}